<?xml version="1.0" encoding="UTF-8"?><record xmlns="http://www.loc.gov/MARC21/slim" xmlns:cinclude="http://apache.org/cocoon/include/1.0" xmlns:zs="http://www.loc.gov/zing/srw/">
  <leader>00391nz  a2200133n  4500</leader>
  <controlfield tag="001">nr 99015276 </controlfield>
  <controlfield tag="003">DLC</controlfield>
  <controlfield tag="005">19990512052031.8</controlfield>
  <controlfield tag="008">990511n| acannaab|          |a aaa     c</controlfield>
  <datafield tag="010" ind1=" " ind2=" ">
    <subfield code="a">nr 99015276 </subfield>
  </datafield>
  <datafield tag="040" ind1=" " ind2=" ">
    <subfield code="a">CtY-Mus</subfield>
    <subfield code="b">eng</subfield>
    <subfield code="c">CtY-Mus</subfield>
  </datafield>
  <datafield tag="100" ind1="1" ind2=" ">
    <subfield code="a">Wilder, Alec.</subfield>
    <subfield code="t">Suites,</subfield>
    <subfield code="m">horn, tuba</subfield>
  </datafield>
  <datafield tag="400" ind1="1" ind2=" ">
    <subfield code="a">Wilder, Alec.</subfield>
    <subfield code="t">Duets,</subfield>
    <subfield code="m">horn, tuba</subfield>
  </datafield>
  <datafield tag="670" ind1=" " ind2=" ">
    <subfield code="a">Wilder, A. Suite (twelve duets) for horn and tuba, c1996.</subfield>
  </datafield>
</record>